<?xml version="1.0" encoding="UTF-8" ?>
<collection xmlns:xsi="http://www.w3.org/2001/XMLSchema-instance" xsi:schemaLocation="http://www.loc.gov/MARC21/slim http://www.loc.gov/standards/marcxml/schema/MARC21slim.xsd">
	<record>
		<leader>x12</leader>
		<controlfield tag="001">x12</controlfield>
		<datafield ind1=" " ind2=" " tag="010">
			<subfield code="a">978-2-09-187305-3</subfield>
			<subfield code="d">7,50 EUR</subfield>
		</datafield>
		<datafield ind1=" " ind2=" " tag="101">
			<subfield code="a">fr</subfield>
		</datafield>
		<datafield ind1=" " ind2=" " tag="106">
			<subfield code="a">r</subfield>
		</datafield>
		<datafield ind1="1" ind2=" " tag="200">
			<subfield code="a">Meditations metaphysiques</subfield>
			<subfield code="f">Descartes</subfield>
			<subfield code="g">notes and comments by Andre Vergez</subfield>
			<subfield code="g">with the collaboration of Christine Thubert</subfield>
		</datafield>
		<datafield ind1=" " ind2=" " tag="210">
			<subfield code="c">Nathan</subfield>
			<subfield code="d">2009</subfield>
		</datafield>
		<datafield ind1=" " ind2=" " tag="215">
			<subfield code="a">191 pages</subfield>
			<subfield code="d">21 cm</subfield>
		</datafield>
		<datafield ind1="|" ind2=" " tag="225">
			<subfield code="a">integrales de philo (Les)</subfield>
		</datafield>
		<datafield ind1=" " ind2=" " tag="300">
			<subfield code="a">On the cover: &quot;Texte integral annote, dossier pedagogique&quot;</subfield>
		</datafield>
		<datafield ind1=" " ind2=" " tag="300">
			<subfield code="a">Biblio. p. 191-192</subfield>
		</datafield>
		<datafield ind1=" " ind2="0" tag="410">
			<subfield code="3">colauth-001</subfield>
			<subfield code="t">Les Integrales de philo</subfield>
		</datafield>
		<datafield ind1=" " ind2="1" tag="700">
			<subfield code="3">pauth-008</subfield>
			<subfield code="a">Descartes</subfield>
			<subfield code="b">Rene</subfield>
			<subfield code="4">070</subfield>
		</datafield>
		<datafield ind1=" " ind2="1" tag="701">
			<subfield code="3">pauth-009</subfield>
			<subfield code="a">Vergez</subfield>
			<subfield code="b">Andre</subfield>
			<subfield code="4">212</subfield>
		</datafield>
		<datafield ind1=" " ind2="1" tag="702">
			<subfield code="3">pauth-010</subfield>
			<subfield code="a">Thubert</subfield>
			<subfield code="b">Christine</subfield>
			<subfield code="4">205</subfield>
		</datafield>
	</record>