
	<record>
		<leader>x13</leader>
		<controlfield tag="001">x13</controlfield>
		<datafield ind1=" " ind2=" " tag="010">
			<subfield code="a">978-2-09-187302-2</subfield>
			<subfield code="d">6,50 EUR</subfield>
		</datafield>
		<datafield ind1=" " ind2="0" tag="073">
			<subfield code="a">9782091873022</subfield>
		</datafield>
		<datafield ind1=" " ind2=" " tag="106">
			<subfield code="a">r</subfield>
		</datafield>
		<datafield ind1="1" ind2=" " tag="200">
			<subfield code="a">Discours de la methode</subfield>
			<subfield code="f">Descartes</subfield>
			<subfield code="g">notes and comments by Denis Huisman</subfield>
		</datafield>
		<datafield ind1=" " ind2=" " tag="210">
			<subfield code="c">Nathan</subfield>
			<subfield code="d">2009</subfield>
		</datafield>
		<datafield ind1=" " ind2=" " tag="215">
			<subfield code="a">143 pages</subfield>
			<subfield code="d">21 cm</subfield>
		</datafield>
		<datafield ind1="|" ind2=" " tag="225">
			<subfield code="a">integrales de philo (Les)</subfield>
		</datafield>
		<datafield ind1=" " ind2=" " tag="300">
			<subfield code="a">Biblio. p. 142-143</subfield>
		</datafield>
		<datafield ind1=" " ind2="0" tag="410">
			<subfield code="3">colauth-001</subfield>
			<subfield code="t">Les Integrales de philo</subfield>
		</datafield>
		<datafield ind1=" " ind2="1" tag="700">
			<subfield code="3">pauth-008</subfield>
			<subfield code="a">Descartes</subfield>
			<subfield code="b">Rene</subfield>
			<subfield code="4">070</subfield>
		</datafield>
		<datafield ind1=" " ind2="1" tag="701">
			<subfield code="3">pauth-056</subfield>
			<subfield code="a">Huisman</subfield>
			<subfield code="b">Denis</subfield>
			<subfield code="4">212</subfield>
		</datafield>
	</record>