
	<!-- Material Unit - Hart und sozial -->
	<record>
		<leader>x39</leader>
		<controlfield tag="001">x39</controlfield>
		<datafield ind1="|" ind2=" " tag="101">
			<subfield code="a">German</subfield>
		</datafield>
		<datafield ind1=" " ind2=" " tag="200">
			<subfield code="a">Hart und Sozial - Das Utrechter Modell</subfield>
			<subfield code="f">Hans Slijpen</subfield>
		</datafield>
		<datafield ind1=" " ind2=" " tag="330">
			<subfield code="a">Wiederholungstater sind haufig noch weiteren Belastungen in Form einer Abhangigkeit von psychotropen Substanzen oder einer anderen psychischen Storung ausgesetzt. Eine alleinige Bearbeitung des Deliktes hat deshalb wenig Sinn.</subfield>
		</datafield>
		<datafield ind1=" " ind2=" " tag="463">
			<subfield code="3">jauth-001</subfield>
			<subfield code="a">Abhangigkeiten</subfield>
			<subfield code="d">2008</subfield>
			<subfield code="v">volume 14, number 3</subfield>
			<subfield code="p">pages 40-46</subfield>
		</datafield>
		<datafield ind1=" " ind2=" " tag="606">
			<subfield code="3">subauth-010</subfield>
			<subfield code="a">Abhangigkeit</subfield>
		</datafield>
		<datafield ind1=" " ind2=" " tag="606">
			<subfield code="3">subauth-011</subfield>
			<subfield code="a">Behandlung</subfield>
		</datafield>
		<datafield ind1=" " ind2=" " tag="606">
			<subfield code="3">subauth-012</subfield>
			<subfield code="a">Klinik</subfield>
		</datafield>
		<datafield ind1=" " ind2=" " tag="607">
			<subfield code="3">plauth-006</subfield>
			<subfield code="a">Netherlands</subfield>
		</datafield>
		<datafield ind1=" " ind2=" " tag="700">
			<subfield code="3">pauth-023</subfield>
			<subfield code="4">070</subfield>
			<subfield code="a">Slijpen</subfield>
			<subfield code="b">Hans</subfield>
		</datafield>
	</record>