
	<!-- Continuous - Infection control -->
	<record>
		<leader>x33</leader>
		<controlfield tag="001">x33</controlfield>
		<datafield ind1=" " ind2=" " tag="011">
			<subfield code="a">0899-823X</subfield>
			<subfield code="b">1</subfield>
		</datafield>
		<datafield ind1=" " ind2=" " tag="101">
			<subfield code="a">eng</subfield>
		</datafield>
		<datafield ind1="1" ind2=" " tag="200">
			<subfield code="a">Infection control and hospital epidemiology</subfield>
			<subfield code="e">An official journal of the Society of Hospital Epidemiologists of America</subfield>
			<subfield code="f">Richard P. Wenzel</subfield>
			<subfield code="f">Barry Farr</subfield>
		</datafield>
		<datafield ind1=" " ind2=" " tag="207">
			<subfield code="a">Volume 9, number 1 (January 1988)-</subfield>
		</datafield>
		<datafield ind1=" " ind2=" " tag="210">
			<subfield code="a">[Thorofare, NJ]</subfield>
			<subfield code="c">SLACK Inc.</subfield>
			<subfield code="d">1988-</subfield>
		</datafield>
		<datafield ind1=" " ind2=" " tag="210">
			<subfield code="a">Chicago, IL</subfield>
			<subfield code="c">University of Chicago Press</subfield>
			<subfield code="d">2006-</subfield>
		</datafield>
		<datafield ind1=" " ind2=" " tag="306">
			<subfield code="a">Published by University chicago press in 2006</subfield>
		</datafield>
		<datafield ind1=" " ind2=" " tag="326">
			<subfield code="a">Monthly</subfield>
		</datafield>
		<datafield ind1=" " ind2=" " tag="330">
			<subfield code="a">Infection Control and Hospital Epidemiology provides original, peer-reviewed scientific articles for anyone involved with an infection control or epidemiology program in a hospital or healthcare facility. Written by infection control practitioners and epidemiologists and guided by an editorial board composed of the nation's leaders in the field, ICHE provides a critical forum for this vital information. </subfield>
		</datafield>
		<datafield ind1=" " ind2=" " tag="500">
			<subfield code="3">tauth-014</subfield>
			<subfield code="a">Infection control and hospital epidemiology</subfield>
		</datafield>
		<datafield ind1=" " ind2=" " tag="517">
			<subfield code="3">tauth-015</subfield>
			<subfield code="a">Official journal of The SHEA</subfield>
		</datafield>
		<datafield ind1=" " ind2=" " tag="517">
			<subfield code="3">tauth-016</subfield>
			<subfield code="a">ICHE</subfield>
		</datafield>
		<datafield ind1=" " ind2=" " tag="531">
			<subfield code="3">tauth-017</subfield>
			<subfield code="a">Infect Control Hosp Epidemiol</subfield>
		</datafield>
		<datafield ind1=" " ind2=" " tag="540">
			<subfield code="3">tauth-018</subfield>
			<subfield code="a">Infect Control Hosp Epidemiol</subfield>
		</datafield>
		<datafield ind1=" " ind2=" " tag="610">
			<subfield code="3">subauth-018</subfield>
			<subfield code="a">Cross Infection</subfield>
		</datafield>
		<datafield ind1=" " ind2=" " tag="610">
			<subfield code="3">subauth-019</subfield>
			<subfield code="a">Epidemiology</subfield>
		</datafield>
		<datafield ind1=" " ind2=" " tag="610">
			<subfield code="3">subauth-020</subfield>
			<subfield code="a">Hospitals</subfield>
		</datafield>
		<datafield ind1=" " ind2=" " tag="610">
			<subfield code="3">subauth-021</subfield>
			<subfield code="a">Infection Control</subfield>
		</datafield>
		<datafield ind1=" " ind2=" " tag="700">
			<subfield code="3">pauth-044</subfield>
			<subfield code="4">651</subfield>
			<subfield code="a">Wenzel</subfield>
			<subfield code="b">Richard P.</subfield>
		</datafield>
		<datafield ind1=" " ind2=" " tag="700">
			<subfield code="3">pauth-045</subfield>
			<subfield code="4">651</subfield>
			<subfield code="a">Farr</subfield>
			<subfield code="b">Barry</subfield>
		</datafield>
		<datafield ind1="0" ind2="2" tag="710">
			<subfield code="3">cauth-022</subfield>
			<subfield code="a">Society of Hospital Epidemiologists of America</subfield>
			<subfield code="4">340</subfield>
		</datafield>
	</record>