
	<!-- Continued - Love english -->
	<record>
		<leader>x35</leader>
		<controlfield tag="001">x35</controlfield>
		<datafield ind1="0" ind2=" " tag="101">
			<subfield code="a">fr</subfield>
		</datafield>
		<datafield ind1=" " ind2=" " tag="100">
			<subfield code="a">20011207a||||||||uu|y0frey0103    ba</subfield>
		</datafield>
		<datafield ind1=" " ind2=" " tag="110">
			<subfield code="a">afa    0yu0</subfield>
		</datafield>
		<datafield ind1=" " ind2=" " tag="200">
			<subfield code="a">I love english</subfield>
		</datafield>
		<datafield ind1=" " ind2=" " tag="210">
			<subfield code="a">Paris</subfield>
			<subfield code="c">Bayard Presse</subfield>
			<subfield code="d">2002-</subfield>
		</datafield>
		<datafield ind1=" " ind2=" " tag="215">
			<subfield code="c">Col. Ill., Cov. Col. Ill.</subfield>
			<subfield code="d">28 cm</subfield>
			<subfield code="e">1 CD audio</subfield>
		</datafield>
		<datafield ind1=" " ind2=" " tag="326">
			<subfield code="a">Monthly</subfield>
		</datafield>
		<datafield ind1="1" ind2=" " tag="500">
			<subfield code="a">I love english</subfield>
			<subfield code="3">tauth-013</subfield>
		</datafield>
		<datafield ind1="|" ind2=" " tag="610">
			<subfield code="3">subauth-017</subfield>
			<subfield code="a">Learning English</subfield>
		</datafield>
	</record>