
	<record>
		<leader>x36</leader>
		<controlfield tag="001">x36</controlfield>
		<datafield ind1=" " ind2=" " tag="200">
			<subfield code="e">208</subfield>
			<subfield code="a">May-1-2013</subfield>
		</datafield>
		<datafield ind1=" " ind2=" " tag="210">
			<subfield code="d">2013</subfield>
		</datafield>
		<datafield ind1=" " ind2="|" tag="461">
			<subfield code="3">colauth-005</subfield>
			<subfield code="t">I love english</subfield>
		</datafield>
	</record>