
	<record>
		<leader>x37</leader>
		<controlfield tag="001">x37</controlfield>
		<datafield ind1=" " ind2=" " tag="200">
			<subfield code="e">209</subfield>
			<subfield code="a">June-1-2013</subfield>
		</datafield>
		<datafield ind1=" " ind2=" " tag="210">
			<subfield code="d">2013</subfield>
		</datafield>
		<datafield ind1=" " ind2="|" tag="461">
			<subfield code="3">colauth-005</subfield>
			<subfield code="t">I love english</subfield>
		</datafield>
	</record>