
	<record>
		<leader>xx9</leader>
		<controlfield tag="001">xx9</controlfield>
		<datafield ind1=" " ind2=" " tag="010">
			<subfield code="a">978-2-7560-0358-0</subfield>
			<subfield code="d">8,90 Euros</subfield>
		</datafield>
		<datafield ind1="|" ind2=" " tag="101">
			<subfield code="a">French</subfield>
		</datafield>
		<datafield ind1="1" ind2=" " tag="200">
			<subfield code="a">Jambons d'Ysengrin (Les )</subfield>
			<subfield code="f">Jean-Marc Mathis</subfield>
			<subfield code="g">ill. by Thierry Martin</subfield>
		</datafield>
		<datafield ind1=" " ind2=" " tag="210">
			<subfield code="a">Paris</subfield>
			<subfield code="c">Delcourt</subfield>
			<subfield code="d">2007</subfield>
		</datafield>
		<datafield ind1=" " ind2=" " tag="215">
			<subfield code="a">31 pages</subfield>
			<subfield code="c">all Coll. Ill.</subfield>
			<subfield code="d">30 cm</subfield>
		</datafield>
		<datafield ind1=" " ind2="|" tag="461">
			<subfield code="3">tauth-001</subfield>
			<subfield code="t">Roman de Renart</subfield>
			<subfield code="v">1</subfield>
		</datafield>
		<datafield ind1=" " ind2="1" tag="700">
			<subfield code="3">pauth-026</subfield>
			<subfield code="a">Mathis</subfield>
			<subfield code="b">Jean-Marc</subfield>
			<subfield code="4">070</subfield>
		</datafield>
		<datafield ind1=" " ind2="1" tag="701">
			<subfield code="3">pauth-027</subfield>
			<subfield code="a">Martin</subfield>
			<subfield code="b">Thierry</subfield>
			<subfield code="4">440</subfield>
		</datafield>
	</record>