
	<record>
		<leader>xx7</leader>
		<controlfield tag="001">xx7</controlfield>
		<datafield ind1=" " ind2=" " tag="010">
			<subfield code="a">2-253-13222-5</subfield>
			<subfield code="d">120,00 F</subfield>
		</datafield>
		<datafield ind1="|" ind2=" " tag="101">
			<subfield code="a">fr</subfield>
			<subfield code="c">fh</subfield>
		</datafield>
		<datafield ind1="|" ind2=" " tag="200">
			<subfield code="a">Romans suivis des Chansons</subfield>
			<subfield code="a">Cliges</subfield>
			<subfield code="a">Chevalier de la Charrette (Le)</subfield>
			<subfield code="a">Chevalier au Lion (Le)</subfield>
			<subfield code="a">Conte du Graal (Le)</subfield>
			<subfield code="f">Chretien de Troyes</subfield>
		</datafield>
		<datafield ind1=" " ind2=" " tag="210">
			<subfield code="a">Paris</subfield>
			<subfield code="c">Librairie Generale Francaise</subfield>
			<subfield code="d">1994</subfield>
		</datafield>
		<datafield ind1=" " ind2=" " tag="215">
			<subfield code="a">1279 p.</subfield>
			<subfield code="c">Cov. Col. Ill</subfield>
			<subfield code="d">19 cm</subfield>
		</datafield>
		<datafield ind1=" " ind2=" " tag="605">
			<subfield code="3">subauth-001</subfield>
			<subfield code="a">Romans de la Table ronde</subfield>
		</datafield>
		<datafield ind1=" " ind2="|" tag="700">
			<subfield code="3">pauth-004</subfield>
			<subfield code="a">Chretien de Troyes</subfield>
			<subfield code="4">070</subfield>
		</datafield>
	</record>