
	<!-- Valerian part work -->
	<record>
		<leader>x31</leader>
		<controlfield tag="001">x31</controlfield>
		<datafield ind1=" " ind2=" " tag="010">
			<subfield code="a">978-2205-06038-6</subfield>
			<subfield code="d">20.50 EUR</subfield>
		</datafield>
		<datafield ind1=" " ind2="1" tag="073">
			<subfield code="a">9782205060386</subfield>
		</datafield>
		<datafield ind1="1" ind2=" " tag="200">
			<subfield code="a">Valerian et Laureline</subfield>
			<subfield code="e">l'integrale Vol. 7</subfield>
			<subfield code="b">[Comic]</subfield>
			<subfield code="f">Pierre Christin</subfield>
			<subfield code="f">Jean-Claude Mezieres</subfield>
		</datafield>
		<datafield ind1=" " ind2=" " tag="210">
			<subfield code="a">Paris</subfield>
			<subfield code="c">Dargaud</subfield>
			<subfield code="d">2012</subfield>
		</datafield>
		<datafield ind1=" " ind2=" " tag="215">
			<subfield code="a">1 vol. (173 p.)</subfield>
			<subfield code="c">Col. Ill., Cov. Col. Ill.</subfield>
			<subfield code="d">30 cm</subfield>
		</datafield>
		<datafield ind1=" " ind2="|" tag="463">
			<subfield code="3">tauth-007</subfield>
			<subfield code="t">Au bord du gouffre</subfield>
			<subfield code="f">Victor Margueritte</subfield>
		</datafield>
		<datafield ind1=" " ind2="|" tag="463">
			<subfield code="3">tauth-006</subfield>
			<subfield code="t">L'ordre des pierres</subfield>
			<subfield code="f">Jean-Claude Mezieres et Pierre Christin</subfield>
		</datafield>
		<datafield ind1=" " ind2="|" tag="463">
			<subfield code="3">tauth-005</subfield>
			<subfield code="t">Valerian et Laureline</subfield>
			<subfield code="h">21</subfield>
			<subfield code="f">Jean-Claude Mezieres et Pierre Christin</subfield>
		</datafield>
		<datafield ind1=" " ind2="1" tag="700">
			<subfield code="3">pauth-021</subfield>
			<subfield code="a">Mezieres</subfield>
			<subfield code="b">Jean-Claude</subfield>
			<subfield code="4">070</subfield>
		</datafield>
		<datafield ind1=" " ind2="1" tag="701">
			<subfield code="3">pauth-020</subfield>
			<subfield code="a">Christin</subfield>
			<subfield code="b">Pierre</subfield>
			<subfield code="4">070</subfield>
		</datafield>
	</record>
</collection>